@article{DDC,
author = {Dean DeCock},
title = {Ames, Iowa: Alternative to the Boston Housing Data as an End of Semester Regression Project},
journal = {Journal of Statistics Education},
volume = {19},
number = {3},
pages = {null},
year  = {2011},
publisher = {Taylor & Francis},
doi = {10.1080/10691898.2011.11889627},

URL = {https://doi.org/10.1080/10691898.2011.11889627},
eprint = { 
        https://doi.org/10.1080/10691898.2011.11889627
}

}
